@misc{anfinsen1972studies,
  title={Studies on the principles that govern the folding of protein chains},
  author={Anfinsen, Christian B},
  year={1972}
}
@article{anfinsen1973principles,
  title={Principles that govern the protein folding chains},
  author={Anfinsen, Christian B},
  journal={Science},
  volume={181},
  pages={233--230},
  year={1973}
}
@article{stillinger1993toy,
  title={Toy model for protein folding},
  author={Stillinger, Frank H and Head-Gordon, Teresa and Hirshfeld, Catherine L},
  journal={Physical review E},
  volume={48},
  number={2},
  pages={1469},
  year={1993},
  publisher={APS}
}
@article{stillinger1995collective,
  title={Collective aspects of protein folding illustrated by a toy model},
  author={Stillinger, Frank H and Head-Gordon, Teresa},
  journal={Physical Review E},
  volume={52},
  number={3},
  pages={2872},
  year={1995},
  publisher={APS}
}
@article{luscombe2001bioinformatics,
  title={What is bioinformatics? A proposed definition and overview of the field},
  author={Luscombe, Nicholas M and Greenbaum, Dov and Gerstein, Mark},
  journal={Methods of information in medicine},
  volume={40},
  number={4},
  pages={346--358},
  year={2001},
  publisher={FK SCHATTAUER VERLAGSGESELLSCHAFT MBH}
}
@article{simpson2000genome,
  title={The genome sequence of the plant pathogen Xylella fastidiosa},
  author={Simpson, Andrew John George and Reinach, FC and Arruda, Pea and Abreu, FA and Acencio, M and Alvarenga, R and Alves, LMC and Araya, JE and Baia, GS and Baptista, CS and others},
  journal={Nature},
  volume={406},
  number={6792},
  pages={151--157},
  year={2000},
  publisher={Nature Publishing Group}
}
@article{ptitsyn1996determinable,
  title={A determinable but unresolved problem.},
  author={Ptitsyn, OLEG B},
  journal={The FASEB journal},
  volume={10},
  number={1},
  pages={3--4},
  year={1996},
  publisher={FASEB}
}
@article{dobson1999protein,
  title={Protein misfolding, evolution and disease},
  author={Dobson, Christopher M},
  journal={Trends in biochemical sciences},
  volume={24},
  number={9},
  pages={329--332},
  year={1999},
  publisher={Elsevier Current Trends}
}
@article{fraenkel1993complexity,
  title={Complexity of protein folding},
  author={Fraenkel, Aviezri S},
  journal={Bulletin of mathematical biology},
  volume={55},
  number={6},
  pages={1199--1210},
  year={1993},
  publisher={Elsevier}
}
@article{zhao2008advances,
  title={Advances on protein folding simulations based on the lattice HP models with natural computing},
  author={Zhao, Xinchao},
  journal={Applied Soft Computing},
  volume={8},
  number={2},
  pages={1029--1040},
  year={2008},
  publisher={Elsevier}
}
@inproceedings{chen2009novel,
  title={A novel clustering based niching EDA for protein folding},
  author={Chen, Benhui and Hu, Jinglu},
  booktitle={Nature \& Biologically Inspired Computing, 2009. NaBIC 2009. World Congress on},
  pages={748--753},
  year={2009},
  organization={IEEE}
}
@book{bergum1996applications,
  title={Applications of Fibonacci numbers},
  author={Bergum, Gerald E and Philippou, Andreas N and Horadam, Alwyn Francis},
  year={1996},
  publisher={Springer}
}
@article{mount2004sequence,
  title={Sequence and genome analysis},
  author={Mount, David W},
  journal={New York: Cold Spring},
  year={2004}
}
@book{anderson1986machine,
  title={Machine learning: An artificial intelligence approach},
  author={Anderson, John Robert and Michalski, Ryszard S and Michalski, Ryszard Stanis{\l}aw and Carbonell, Jaime Guillermo and Mitchell, Tom Michael},
  volume={2},
  year={1986},
  publisher={Morgan Kaufmann}
}
@article{liang2004annealing,
  title={Annealing contour Monte Carlo algorithm for structure optimization in an off-lattice protein model},
  author={Liang, Faming},
  journal={The Journal of chemical physics},
  volume={120},
  number={14},
  pages={6756--6763},
  year={2004},
  publisher={AIP Publishing}
}
@article{lee2008re,
  title={Re-examination of structure optimization of off-lattice protein AB models by conformational space annealing},
  author={Lee, Jinwoo and Joo, Keehyoung and Kim, Seung-Yeon and Lee, Jooyoung},
  journal={Journal of computational chemistry},
  volume={29},
  number={14},
  pages={2479--2484},
  year={2008},
  publisher={Wiley Online Library}
}
@article{kim2006statistical,
  title={Statistical-temperature Monte Carlo and molecular dynamics algorithms},
  author={Kim, Jaegil and Straub, John E and Keyes, Thomas},
  journal={Physical review letters},
  volume={97},
  number={5},
  pages={050601},
  year={2006},
  publisher={APS}
}
@article{unger1993genetic,
  title={Genetic algorithms for protein folding simulations},
  author={Unger, Ron and Moult, John},
  journal={Journal of molecular biology},
  volume={231},
  number={1},
  pages={75--81},
  year={1993},
  publisher={Elsevier}
}
@article{santana2008protein,
  title={Protein folding in simplified models with estimation of distribution algorithms},
  author={Santana, Roberto and Larra{\~n}aga, Pedro and Lozano, Jose Antonio},
  journal={Evolutionary Computation, IEEE Transactions on},
  volume={12},
  number={4},
  pages={418--438},
  year={2008},
  publisher={IEEE}
}
@inproceedings{chen2009novel,
  title={A novel clustering based niching EDA for protein folding},
  author={Chen, Benhui and Hu, Jinglu},
  booktitle={Nature \& Biologically Inspired Computing, 2009. NaBIC 2009. World Congress on},
  pages={748--753},
  year={2009},
  organization={IEEE}
}
@article{liu2013heuristic,
  title={Heuristic-based tabu search algorithm for folding two-dimensional AB off-lattice model proteins},
  author={Liu, Jingfa and Sun, Yuanyuan and Li, Gang and Song, Beibei and Huang, Weibo},
  journal={Computational biology and chemistry},
  volume={47},
  pages={142--148},
  year={2013},
  publisher={Elsevier}
}
@article{li2014protein,
  title={Protein secondary structure optimization using an improved artificial bee colony algorithm based on AB off-lattice model},
  author={Li, Bai and Li, Ya and Gong, Ligang},
  journal={Engineering Applications of Artificial Intelligence},
  volume={27},
  pages={70--79},
  year={2014},
  publisher={Elsevier}
}
@article{brooks1995optimization,
  title={Optimization using simulated annealing},
  author={Brooks, SP and Morgan, BJT},
  journal={The Statistician},
  pages={241--257},
  year={1995},
  publisher={JSTOR}
}
@book{sheldon2002first,
  title={A first course in probability},
  author={Sheldon, Ross and others},
  year={2002},
  publisher={Pearson Education India}
}